<?xml version="1.0" encoding="UTF-8"?>
<record xmlns="http://www.loc.gov/MARC21/slim">
  <leader>02430ntm a22003017a 4500</leader>
  <controlfield tag="001">3452126</controlfield>
  <controlfield tag="005">20091120130300.0</controlfield>
  <controlfield tag="008">090115s1881    xx            000 i eng d</controlfield>
  <datafield tag="033" ind1="0" ind2="0">
    <subfield code="a">18810809</subfield>
  </datafield>
  <datafield tag="040" ind1=" " ind2=" ">
    <subfield code="a">BRL</subfield>
  </datafield>
  <datafield tag="099" ind1=" " ind2=" ">
    <subfield code="a">Ms.A.9.2 v.7, p.23</subfield>
  </datafield>
  <datafield tag="100" ind1="1" ind2=" ">
    <subfield code="a">Chapman, Maria Weston,</subfield>
    <subfield code="d">1806-1885.</subfield>
  </datafield>
  <datafield tag="245" ind1="1" ind2="0">
    <subfield code="a">[Letter to] Dear Mr. Garrison</subfield>
    <subfield code="h">[manuscript].</subfield>
  </datafield>
  <datafield tag="260" ind1=" " ind2=" ">
    <subfield code="a">Weymouth, [Mass.],</subfield>
    <subfield code="c">Aug. 9th, 1881.</subfield>
  </datafield>
  <datafield tag="300" ind1=" " ind2=" ">
    <subfield code="a">1 leaf (4 p.) ;</subfield>
    <subfield code="c">7 x 4 1/2 in.</subfield>
  </datafield>
  <datafield tag="500" ind1=" " ind2=" ">
    <subfield code="a">Holograph.</subfield>
  </datafield>
  <datafield tag="500" ind1=" " ind2=" ">
    <subfield code="a">Maria Weston Chapman is sending this letter in response to a letter she recieved from [Francis Jackson] Garrison. She gives the dates of the publication of &quot;Right and Wrong in Boston.&quot; No. 1 is &quot;a concise statement of events previous &amp; subsequent to the annual meeting of the Boston Female Anti-Slavery Society&quot; with the motto from Fenelon: &quot;Si je vous parle fortement, n&apos;en soyez pas etonne; c&apos;est que la verite est libre et forte.&quot; She explains the delayed publication date, due to the reluctance of the booksellers. When Francis J. Garrison finds a copy of this number, Maria Chapman will &quot;thrust in a few notes, -- not needed at the time; but now, by years, made necessary.&quot; She explains the background of No. 1; society, state, and church all being in bonds of slavery, it seemed &quot;needful to begin first with Society ...&amp; this was the aim of No. 1.&quot; She recollects the misgivings of Mr. [Amos Augustus] Phelps and Mary S. Parker, and the final adoption of the publication plan by the Boston Female Anti-Slavery Society. Harriet Martineau &quot;passed through the skirts of the mob--unaware of its nature at the time&quot; [1835]. Chapman wrote: &quot;The members of Dr. Channing&apos;s congregation were the mob.&quot; She tells an anecdote of a Mr. Rhodes, who kept a hat store near the scene of the mob, saying that in thirty years he had never seen so many good hats before.</subfield>
  </datafield>
  <datafield tag="600" ind1="1" ind2="0">
    <subfield code="a">Chapman, Maria Weston,</subfield>
    <subfield code="d">1806-1885</subfield>
    <subfield code="v">Correspondence.</subfield>
  </datafield>
  <datafield tag="600" ind1="1" ind2="0">
    <subfield code="a">Garrison, Francis Jackson,</subfield>
    <subfield code="d">1848-1916</subfield>
    <subfield code="v">Correspondence.</subfield>
  </datafield>
  <datafield tag="610" ind1="2" ind2="0">
    <subfield code="a">Boston Female Anti-slavery Society.</subfield>
  </datafield>
  <datafield tag="630" ind1="0" ind2="0">
    <subfield code="a">Right and wrong in Boston.</subfield>
  </datafield>
  <datafield tag="650" ind1=" " ind2="0">
    <subfield code="a">Antislavery movements</subfield>
    <subfield code="z">United States</subfield>
    <subfield code="x">History</subfield>
    <subfield code="y">19th century.</subfield>
  </datafield>
  <datafield tag="650" ind1=" " ind2="0">
    <subfield code="a">Women abolitionists</subfield>
    <subfield code="z">Massachusetts</subfield>
    <subfield code="z">Boston</subfield>
    <subfield code="y">19th century</subfield>
    <subfield code="v">Correspondence.</subfield>
  </datafield>
  <datafield tag="655" ind1=" " ind2="0">
    <subfield code="a">Letters.</subfield>
  </datafield>
  <datafield tag="655" ind1=" " ind2="0">
    <subfield code="a">Manuscripts.</subfield>
  </datafield>
  <datafield tag="700" ind1="1" ind2=" ">
    <subfield code="a">Garrison, Francis Jackson,</subfield>
    <subfield code="d">1848-1916,</subfield>
    <subfield code="e">recipient.</subfield>
  </datafield>
  <datafield tag="830" ind1=" " ind2="0">
    <subfield code="a">Maria Weston Chapman Correspondence (1835-1885)</subfield>
  </datafield>
  <datafield tag="999" ind1=" " ind2=" ">
    <subfield code="a">shots: 4</subfield>
  </datafield>
</record>
